<?xml version="1.0" encoding="UTF-8"?><collection xmlns="http://www.loc.gov/MARC21/slim"><record><leader>00333nam--2200121-i-4500</leader><controlfield tag="001">000042350</controlfield><controlfield tag="002">20161230</controlfield><controlfield tag="005">20161230201043</controlfield><controlfield tag="008">060222s1000------------r-----000-0-eng-d</controlfield><datafield ind1=" " ind2=" " tag="245"><subfield code="a">Soviet scientists on the danger of nuclear tests</subfield></datafield><datafield ind1=" " ind2=" " tag="260"><subfield code="a">Moscow, Foreign Languages Publ.House, 1960. 129 P</subfield></datafield><datafield ind1=" " ind2=" " tag="700"><subfield code="a">Lebedinsky,A.V</subfield></datafield><datafield ind1=" " ind2=" " tag="852"><subfield code="a">19176</subfield></datafield></record></collection>